@ARTICLE{ARTICLE:1,
  AUTHOR="Jane Doe",
  TITLE="Article Title",
  JOURNAL="Journal of Journaly Science",
  YEAR="2017",
}

@BOOK{BOOK:1,
  AUTHOR="John Doe",
  TITLE="The Book without Title",
  PUBLISHER="Dummy Publisher",
  YEAR="2100",
}

@BOOK{BOOK:2,
  AUTHOR="Bork McDoo",
  TITLE="Another Untitled",
  PUBLISHER="Dumb Publisher",
  YEAR="2100",
  PAGES="100-200",
}

@MISC{WEBSITE:1,
  HOWPUBLISHED = "\url{https://example.com}",
  AUTHOR = "Some Software Company",
  TITLE = "Some Website",
  MONTH = Dec,
  YEAR = "2001",
  NOTE = "Accessed on 2020-12-01",
}